@book{geisler2000property,
  title={Property and values: alternatives to public and private ownership},
  author={Geisler, Charles and Daneker, Gail},
  year={2000},
  publisher={Island Press}
}
@article{caldwell1973rights,
  title={Rights of Ownership or Rights of Use--The Need for a New Conceptual Basis for Land Use Policy},
  author={Caldwell, Lynton K},
  journal={Wm. \& Mary L. Rev.},
  volume={15},
  pages={759},
  year={1973},
  publisher={HeinOnline}
}
@book{locke1965two,
  title={Two treatises of government},
  author={Locke, John},
  year={1965},
  publisher={Awnsham and John Churchill}
}
@book{semple1911influences,
  title={Influences of Geographic Environment, on the Basis of Ratzel's System of Anthropo-geography},
  author={Semple, Ellen Churchill},
  year={1911},
  publisher={H. Holt}
}
@book{winchester2013landscapes,
  title={Landscapes: Ways of imagining the world},
  author={Winchester, Hilary and Kong, Lily and Dunn, Kevin},
  year={2013},
  publisher={Routledge}
}
@book{donne1975devotions,
  title={Devotions upon emergent occasions},
  author={Donne, John},
  year={1975},
  publisher={Oxford University Press}
}
